<record><leader>00000cas a2200000 a 4500</leader><controlfield tag="001">1760699</controlfield><controlfield tag="008">751101u1969uuuuwaumr ne      0    0eng c</controlfield><datafield ind1=" " ind2=" " tag="010"><subfield code="a">sn 86091377 </subfield></datafield><datafield ind1=" " ind2=" " tag="040"><subfield code="a">MUL</subfield><subfield code="b">eng</subfield><subfield code="c">MUL</subfield><subfield code="d">UNP</subfield><subfield code="d">SLZ</subfield><subfield code="d">ANU</subfield><subfield code="d">NYS</subfield><subfield code="d">CLU</subfield><subfield code="d">GBVCP</subfield><subfield code="d">OCLCQ</subfield><subfield code="d">OCLCF</subfield><subfield code="d">OCLCA</subfield></datafield><datafield ind1=" " ind2=" " tag="015"><subfield code="a">010624813</subfield><subfield code="2">dnb</subfield></datafield><datafield ind1="7" ind2=" " tag="016"><subfield code="a">90960-9</subfield><subfield code="2">DE-600</subfield></datafield><datafield ind1="1" ind2=" " tag="029"><subfield code="a">AU@</subfield><subfield code="b">000023169025</subfield></datafield><datafield ind1=" " ind2=" " tag="042"><subfield code="a">pcc</subfield></datafield><datafield ind1=" " ind2=" " tag="043"><subfield code="a">n-us-wa</subfield></datafield><datafield ind1=" " ind2="4" tag="050"><subfield code="a">E99.S68</subfield><subfield code="b">N6</subfield></datafield><datafield ind1="0" ind2="0" tag="245"><subfield code="a">Northwest Indian times.</subfield></datafield><datafield ind1="1" ind2="7" tag="246"><subfield code="a">Indian times</subfield></datafield><datafield ind1=" " ind2=" " tag="260"><subfield code="a">Spokane, Wash. :</subfield><subfield code="b">Spokane, Coeur d'Alene and Kalispel Tribes,</subfield><subfield code="c">1969-</subfield></datafield><datafield ind1=" " ind2=" " tag="300"><subfield code="a">v. :</subfield><subfield code="b">ill.</subfield></datafield><datafield ind1=" " ind2=" " tag="310"><subfield code="a">Monthly</subfield></datafield><datafield ind1="0" ind2=" " tag="362"><subfield code="a">Vol. 1, no. 1 (Feb. 7, 1969)-</subfield></datafield><datafield ind1="4" ind2=" " tag="510"><subfield code="a">Danky, J.P. Native American periodicals and newspapers 1828-1982</subfield><subfield code="c">327-328</subfield></datafield><datafield ind1=" " ind2=" " tag="515"><subfield code="a">Suspended publication in Mar. 1972; private publisher later resumed publication with same numbering.</subfield></datafield><datafield ind1=" " ind2=" " tag="530"><subfield code="a">Available on microfilm from Microfilming Corporation of America.</subfield></datafield><datafield ind1=" " ind2=" " tag="550"><subfield code="a">Official publication of: Spokane, Coeur d'Alene and Kalispel Tribes, &lt;Feb. 1969-Mar. 1972&gt;.</subfield></datafield><datafield ind1=" " ind2=" " tag="588"><subfield code="a">Latest issue consulted: Vol. 4, no. 1 (Mar. 1972).</subfield></datafield><datafield ind1=" " ind2="0" tag="650"><subfield code="a">Indians of North America</subfield><subfield code="z">Northwest, Pacific</subfield><subfield code="v">Newspapers.</subfield></datafield><datafield ind1=" " ind2="0" tag="651"><subfield code="a">Spokane (Wash.)</subfield><subfield code="v">Newspapers.</subfield></datafield><datafield ind1=" " ind2="0" tag="651"><subfield code="a">Spokane County (Wash.)</subfield><subfield code="v">Newspapers.</subfield></datafield><datafield ind1=" " ind2="7" tag="655"><subfield code="a">Newspapers.</subfield><subfield code="2">fast</subfield><subfield code="0">(OCoLC)fst01423814</subfield></datafield><datafield ind1=" " ind2="7" tag="650"><subfield code="a">Indians of North America.</subfield><subfield code="2">fast</subfield><subfield code="0">(OCoLC)fst00969633</subfield></datafield><datafield ind1=" " ind2="7" tag="651"><subfield code="a">Pacific Northwest.</subfield><subfield code="2">fast</subfield><subfield code="0">(OCoLC)fst01242543</subfield></datafield><datafield ind1=" " ind2="7" tag="651"><subfield code="a">Washington (State)</subfield><subfield code="z">Spokane.</subfield><subfield code="2">fast</subfield><subfield code="0">(OCoLC)fst01206731</subfield></datafield><datafield ind1=" " ind2="7" tag="651"><subfield code="a">Washington (State)</subfield><subfield code="z">Spokane County.</subfield><subfield code="2">fast</subfield><subfield code="0">(OCoLC)fst01209106</subfield></datafield><datafield ind1="1" ind2=" " tag="710"><subfield code="a">Spokane Tribe of the Spokane Reservation, Washington.</subfield></datafield><datafield ind1="1" ind2=" " tag="710"><subfield code="a">Coeur D'Alene Tribe of the Coeur D'Alene Reservation, Idaho.</subfield></datafield><datafield ind1="1" ind2=" " tag="710"><subfield code="a">Kalispel Indian Community of the Kalispel Reservation, Washington.</subfield></datafield><datafield ind1=" " ind2=" " tag="752"><subfield code="a">United States</subfield><subfield code="b">Washington</subfield><subfield code="c">Spokane</subfield><subfield code="d">Spokane.</subfield></datafield><datafield ind1="0" ind2=" " tag="776"><subfield code="c">Microfilm</subfield><subfield code="d">Microfilming Corp. of America</subfield><subfield code="k">Periodicals by and about the North American Indian</subfield><subfield code="w">(OCoLC)42322968</subfield></datafield></record>